%YAML 1.1
%TAG !u! tag:unity3d.com,2011:
--- !u!1 &158924
GameObject:
  m_ObjectHideFlags: 0
  m_PrefabParentObject: {fileID: 0}
  m_PrefabInternal: {fileID: 100100000}
  serializedVersion: 4
  m_Component:
  - 4: {fileID: 458924}
  - 212: {fileID: 21258924}
  - 50: {fileID: 5058924}
  - 114: {fileID: 11458928}
  - 114: {fileID: 11458926}
  - 60: {fileID: 6058924}
  - 114: {fileID: 11458924}
  m_Layer: 0
  m_Name: SharkTeeth
  m_TagString: Untagged
  m_Icon: {fileID: 0}
  m_NavMeshLayer: 0
  m_StaticEditorFlags: 0
  m_IsActive: 1
--- !u!1 &158926
GameObject:
  m_ObjectHideFlags: 0
  m_PrefabParentObject: {fileID: 0}
  m_PrefabInternal: {fileID: 100100000}
  serializedVersion: 4
  m_Component:
  - 4: {fileID: 458926}
  - 212: {fileID: 21258926}
  - 50: {fileID: 5058926}
  - 114: {fileID: 11458934}
  - 114: {fileID: 11458932}
  - 60: {fileID: 6058926}
  - 114: {fileID: 11458930}
  m_Layer: 0
  m_Name: SharkTeeth
  m_TagString: Untagged
  m_Icon: {fileID: 0}
  m_NavMeshLayer: 0
  m_StaticEditorFlags: 0
  m_IsActive: 1
--- !u!1 &158928
GameObject:
  m_ObjectHideFlags: 0
  m_PrefabParentObject: {fileID: 0}
  m_PrefabInternal: {fileID: 100100000}
  serializedVersion: 4
  m_Component:
  - 4: {fileID: 458928}
  - 212: {fileID: 21258928}
  - 50: {fileID: 5058928}
  - 114: {fileID: 11458940}
  - 114: {fileID: 11458938}
  - 60: {fileID: 6058928}
  - 114: {fileID: 11458936}
  m_Layer: 0
  m_Name: SharkTeeth
  m_TagString: Untagged
  m_Icon: {fileID: 0}
  m_NavMeshLayer: 0
  m_StaticEditorFlags: 0
  m_IsActive: 1
--- !u!1 &158930
GameObject:
  m_ObjectHideFlags: 0
  m_PrefabParentObject: {fileID: 0}
  m_PrefabInternal: {fileID: 100100000}
  serializedVersion: 4
  m_Component:
  - 4: {fileID: 458930}
  m_Layer: 0
  m_Name: SharkyTeeth
  m_TagString: Untagged
  m_Icon: {fileID: 0}
  m_NavMeshLayer: 0
  m_StaticEditorFlags: 0
  m_IsActive: 1
--- !u!4 &458924
Transform:
  m_ObjectHideFlags: 1
  m_PrefabParentObject: {fileID: 0}
  m_PrefabInternal: {fileID: 100100000}
  m_GameObject: {fileID: 158924}
  m_LocalRotation: {x: 0, y: 0, z: .707106829, w: .707106829}
  m_LocalPosition: {x: -.154648781, y: -1.84191656, z: 0}
  m_LocalScale: {x: .167628422, y: .167628422, z: .167628422}
  m_Children: []
  m_Father: {fileID: 458930}
  m_RootOrder: 2
--- !u!4 &458926
Transform:
  m_ObjectHideFlags: 1
  m_PrefabParentObject: {fileID: 0}
  m_PrefabInternal: {fileID: 100100000}
  m_GameObject: {fileID: 158926}
  m_LocalRotation: {x: 0, y: 0, z: .707106829, w: .707106829}
  m_LocalPosition: {x: -1.15464878, y: -.84191668, z: 0}
  m_LocalScale: {x: .167628422, y: .167628422, z: .167628422}
  m_Children: []
  m_Father: {fileID: 458930}
  m_RootOrder: 1
--- !u!4 &458928
Transform:
  m_ObjectHideFlags: 1
  m_PrefabParentObject: {fileID: 0}
  m_PrefabInternal: {fileID: 100100000}
  m_GameObject: {fileID: 158928}
  m_LocalRotation: {x: 0, y: 0, z: .707106829, w: .707106829}
  m_LocalPosition: {x: -.157648563, y: .157083333, z: 0}
  m_LocalScale: {x: .167628422, y: .167628422, z: .167628422}
  m_Children: []
  m_Father: {fileID: 458930}
  m_RootOrder: 0
--- !u!4 &458930
Transform:
  m_ObjectHideFlags: 1
  m_PrefabParentObject: {fileID: 0}
  m_PrefabInternal: {fileID: 100100000}
  m_GameObject: {fileID: 158930}
  m_LocalRotation: {x: 0, y: 0, z: 0, w: 1}
  m_LocalPosition: {x: 7.94464874, y: -.768083334, z: 0}
  m_LocalScale: {x: 1, y: 1, z: 1}
  m_Children:
  - {fileID: 458928}
  - {fileID: 458926}
  - {fileID: 458924}
  m_Father: {fileID: 0}
  m_RootOrder: 0
--- !u!50 &5058924
Rigidbody2D:
  m_ObjectHideFlags: 1
  m_PrefabParentObject: {fileID: 0}
  m_PrefabInternal: {fileID: 100100000}
  m_GameObject: {fileID: 158924}
  m_Mass: .0976253524
  m_LinearDrag: 1
  m_AngularDrag: .0500000007
  m_GravityScale: 1
  m_FixedAngle: 0
  m_IsKinematic: 0
  m_Interpolate: 0
  m_SleepingMode: 1
  m_CollisionDetection: 0
--- !u!50 &5058926
Rigidbody2D:
  m_ObjectHideFlags: 1
  m_PrefabParentObject: {fileID: 0}
  m_PrefabInternal: {fileID: 100100000}
  m_GameObject: {fileID: 158926}
  m_Mass: .0976253524
  m_LinearDrag: 1
  m_AngularDrag: .0500000007
  m_GravityScale: 1
  m_FixedAngle: 0
  m_IsKinematic: 0
  m_Interpolate: 0
  m_SleepingMode: 1
  m_CollisionDetection: 0
--- !u!50 &5058928
Rigidbody2D:
  m_ObjectHideFlags: 1
  m_PrefabParentObject: {fileID: 0}
  m_PrefabInternal: {fileID: 100100000}
  m_GameObject: {fileID: 158928}
  m_Mass: .0976253524
  m_LinearDrag: 1
  m_AngularDrag: .0500000007
  m_GravityScale: 1
  m_FixedAngle: 0
  m_IsKinematic: 0
  m_Interpolate: 0
  m_SleepingMode: 1
  m_CollisionDetection: 0
--- !u!60 &6058924
PolygonCollider2D:
  m_ObjectHideFlags: 1
  m_PrefabParentObject: {fileID: 0}
  m_PrefabInternal: {fileID: 100100000}
  m_GameObject: {fileID: 158924}
  m_Enabled: 1
  m_Material: {fileID: 0}
  m_IsTrigger: 1
  m_Poly:
    m_Paths:
    - - {x: 2.38000011, y: -1.79999995}
      - {x: 2.25, y: -1.58000004}
      - {x: 2.0999999, y: -1.33000004}
      - {x: 2.02999997, y: -1.21000004}
      - {x: 1.82000005, y: -.860000014}
      - {x: 1.77999997, y: -.790000021}
      - {x: 1.60000002, y: -.49000001}
      - {x: 1.55999994, y: -.419999987}
      - {x: 1.38, y: -.119999997}
      - {x: 1.34000003, y: -.0500000007}
      - {x: 1.13, y: .300000012}
      - {x: 1.09000003, y: .370000005}
      - {x: .910000026, y: .670000017}
      - {x: .870000005, y: .74000001}
      - {x: .689999998, y: 1.03999996}
      - {x: .649999976, y: 1.11000001}
      - {x: .469999999, y: 1.40999997}
      - {x: .430000007, y: 1.48000002}
      - {x: .219999999, y: 1.83000004}
      - {x: .180000007, y: 1.89999998}
      - {x: .0900000036, y: 2.04999995}
      - {x: .0199999996, y: 2.16000009}
      - {x: -.0199999996, y: 2.16000009}
      - {x: -.0599999987, y: 2.0999999}
      - {x: -.180000007, y: 1.89999998}
      - {x: -.400000006, y: 1.52999997}
      - {x: -.649999976, y: 1.11000001}
      - {x: -1.09000003, y: .370000005}
      - {x: -1.34000003, y: -.0500000007}
      - {x: -1.77999997, y: -.790000021}
      - {x: -1.82000005, y: -.860000014}
      - {x: -2.02999997, y: -1.21000004}
      - {x: -2.25, y: -1.58000004}
      - {x: -2.47000003, y: -1.96000004}
      - {x: -2.47000003, y: -1.98000002}
      - {x: -2.45000005, y: -2}
      - {x: 2.45000005, y: -2}
      - {x: 2.47000003, y: -1.98000002}
      - {x: 2.47000003, y: -1.96000004}
--- !u!60 &6058926
PolygonCollider2D:
  m_ObjectHideFlags: 1
  m_PrefabParentObject: {fileID: 0}
  m_PrefabInternal: {fileID: 100100000}
  m_GameObject: {fileID: 158926}
  m_Enabled: 1
  m_Material: {fileID: 0}
  m_IsTrigger: 1
  m_Poly:
    m_Paths:
    - - {x: 2.38000011, y: -1.79999995}
      - {x: 2.25, y: -1.58000004}
      - {x: 2.0999999, y: -1.33000004}
      - {x: 2.02999997, y: -1.21000004}
      - {x: 1.82000005, y: -.860000014}
      - {x: 1.77999997, y: -.790000021}
      - {x: 1.60000002, y: -.49000001}
      - {x: 1.55999994, y: -.419999987}
      - {x: 1.38, y: -.119999997}
      - {x: 1.34000003, y: -.0500000007}
      - {x: 1.13, y: .300000012}
      - {x: 1.09000003, y: .370000005}
      - {x: .910000026, y: .670000017}
      - {x: .870000005, y: .74000001}
      - {x: .689999998, y: 1.03999996}
      - {x: .649999976, y: 1.11000001}
      - {x: .469999999, y: 1.40999997}
      - {x: .430000007, y: 1.48000002}
      - {x: .219999999, y: 1.83000004}
      - {x: .180000007, y: 1.89999998}
      - {x: .0900000036, y: 2.04999995}
      - {x: .0199999996, y: 2.16000009}
      - {x: -.0199999996, y: 2.16000009}
      - {x: -.0599999987, y: 2.0999999}
      - {x: -.180000007, y: 1.89999998}
      - {x: -.400000006, y: 1.52999997}
      - {x: -.649999976, y: 1.11000001}
      - {x: -1.09000003, y: .370000005}
      - {x: -1.34000003, y: -.0500000007}
      - {x: -1.77999997, y: -.790000021}
      - {x: -1.82000005, y: -.860000014}
      - {x: -2.02999997, y: -1.21000004}
      - {x: -2.25, y: -1.58000004}
      - {x: -2.47000003, y: -1.96000004}
      - {x: -2.47000003, y: -1.98000002}
      - {x: -2.45000005, y: -2}
      - {x: 2.45000005, y: -2}
      - {x: 2.47000003, y: -1.98000002}
      - {x: 2.47000003, y: -1.96000004}
--- !u!60 &6058928
PolygonCollider2D:
  m_ObjectHideFlags: 1
  m_PrefabParentObject: {fileID: 0}
  m_PrefabInternal: {fileID: 100100000}
  m_GameObject: {fileID: 158928}
  m_Enabled: 1
  m_Material: {fileID: 0}
  m_IsTrigger: 1
  m_Poly:
    m_Paths:
    - - {x: 2.38000011, y: -1.79999995}
      - {x: 2.25, y: -1.58000004}
      - {x: 2.0999999, y: -1.33000004}
      - {x: 2.02999997, y: -1.21000004}
      - {x: 1.82000005, y: -.860000014}
      - {x: 1.77999997, y: -.790000021}
      - {x: 1.60000002, y: -.49000001}
      - {x: 1.55999994, y: -.419999987}
      - {x: 1.38, y: -.119999997}
      - {x: 1.34000003, y: -.0500000007}
      - {x: 1.13, y: .300000012}
      - {x: 1.09000003, y: .370000005}
      - {x: .910000026, y: .670000017}
      - {x: .870000005, y: .74000001}
      - {x: .689999998, y: 1.03999996}
      - {x: .649999976, y: 1.11000001}
      - {x: .469999999, y: 1.40999997}
      - {x: .430000007, y: 1.48000002}
      - {x: .219999999, y: 1.83000004}
      - {x: .180000007, y: 1.89999998}
      - {x: .0900000036, y: 2.04999995}
      - {x: .0199999996, y: 2.16000009}
      - {x: -.0199999996, y: 2.16000009}
      - {x: -.0599999987, y: 2.0999999}
      - {x: -.180000007, y: 1.89999998}
      - {x: -.400000006, y: 1.52999997}
      - {x: -.649999976, y: 1.11000001}
      - {x: -1.09000003, y: .370000005}
      - {x: -1.34000003, y: -.0500000007}
      - {x: -1.77999997, y: -.790000021}
      - {x: -1.82000005, y: -.860000014}
      - {x: -2.02999997, y: -1.21000004}
      - {x: -2.25, y: -1.58000004}
      - {x: -2.47000003, y: -1.96000004}
      - {x: -2.47000003, y: -1.98000002}
      - {x: -2.45000005, y: -2}
      - {x: 2.45000005, y: -2}
      - {x: 2.47000003, y: -1.98000002}
      - {x: 2.47000003, y: -1.96000004}
--- !u!114 &11458924
MonoBehaviour:
  m_ObjectHideFlags: 1
  m_PrefabParentObject: {fileID: 0}
  m_PrefabInternal: {fileID: 100100000}
  m_GameObject: {fileID: 158924}
  m_Enabled: 1
  m_EditorHideFlags: 0
  m_Script: {fileID: 11500000, guid: 5f5f587f775f8de409f67d2e8559550a, type: 3}
  m_Name: 
  m_EditorClassIdentifier: 
  speed: 5
  HeatIncreaeAmmount: 2
--- !u!114 &11458926
MonoBehaviour:
  m_ObjectHideFlags: 1
  m_PrefabParentObject: {fileID: 0}
  m_PrefabInternal: {fileID: 100100000}
  m_GameObject: {fileID: 158924}
  m_Enabled: 1
  m_EditorHideFlags: 0
  m_Script: {fileID: 11500000, guid: dcc43cbcafe35bd429a068f46878fe19, type: 3}
  m_Name: 
  m_EditorClassIdentifier: 
--- !u!114 &11458928
MonoBehaviour:
  m_ObjectHideFlags: 1
  m_PrefabParentObject: {fileID: 0}
  m_PrefabInternal: {fileID: 100100000}
  m_GameObject: {fileID: 158924}
  m_Enabled: 1
  m_EditorHideFlags: 0
  m_Script: {fileID: 11500000, guid: 278504f150e0a9a48a15b90512729f46, type: 3}
  m_Name: 
  m_EditorClassIdentifier: 
  density: .00930000003
  OverlapingArea: 10.4973497
--- !u!114 &11458930
MonoBehaviour:
  m_ObjectHideFlags: 1
  m_PrefabParentObject: {fileID: 0}
  m_PrefabInternal: {fileID: 100100000}
  m_GameObject: {fileID: 158926}
  m_Enabled: 1
  m_EditorHideFlags: 0
  m_Script: {fileID: 11500000, guid: 5f5f587f775f8de409f67d2e8559550a, type: 3}
  m_Name: 
  m_EditorClassIdentifier: 
  speed: 5
  HeatIncreaeAmmount: 2
--- !u!114 &11458932
MonoBehaviour:
  m_ObjectHideFlags: 1
  m_PrefabParentObject: {fileID: 0}
  m_PrefabInternal: {fileID: 100100000}
  m_GameObject: {fileID: 158926}
  m_Enabled: 1
  m_EditorHideFlags: 0
  m_Script: {fileID: 11500000, guid: dcc43cbcafe35bd429a068f46878fe19, type: 3}
  m_Name: 
  m_EditorClassIdentifier: 
--- !u!114 &11458934
MonoBehaviour:
  m_ObjectHideFlags: 1
  m_PrefabParentObject: {fileID: 0}
  m_PrefabInternal: {fileID: 100100000}
  m_GameObject: {fileID: 158926}
  m_Enabled: 1
  m_EditorHideFlags: 0
  m_Script: {fileID: 11500000, guid: 278504f150e0a9a48a15b90512729f46, type: 3}
  m_Name: 
  m_EditorClassIdentifier: 
  density: .00930000003
  OverlapingArea: 10.4973497
--- !u!114 &11458936
MonoBehaviour:
  m_ObjectHideFlags: 1
  m_PrefabParentObject: {fileID: 0}
  m_PrefabInternal: {fileID: 100100000}
  m_GameObject: {fileID: 158928}
  m_Enabled: 1
  m_EditorHideFlags: 0
  m_Script: {fileID: 11500000, guid: 5f5f587f775f8de409f67d2e8559550a, type: 3}
  m_Name: 
  m_EditorClassIdentifier: 
  speed: 5
  HeatIncreaeAmmount: 2
--- !u!114 &11458938
MonoBehaviour:
  m_ObjectHideFlags: 1
  m_PrefabParentObject: {fileID: 0}
  m_PrefabInternal: {fileID: 100100000}
  m_GameObject: {fileID: 158928}
  m_Enabled: 1
  m_EditorHideFlags: 0
  m_Script: {fileID: 11500000, guid: dcc43cbcafe35bd429a068f46878fe19, type: 3}
  m_Name: 
  m_EditorClassIdentifier: 
--- !u!114 &11458940
MonoBehaviour:
  m_ObjectHideFlags: 1
  m_PrefabParentObject: {fileID: 0}
  m_PrefabInternal: {fileID: 100100000}
  m_GameObject: {fileID: 158928}
  m_Enabled: 1
  m_EditorHideFlags: 0
  m_Script: {fileID: 11500000, guid: 278504f150e0a9a48a15b90512729f46, type: 3}
  m_Name: 
  m_EditorClassIdentifier: 
  density: .00930000003
  OverlapingArea: 10.4973497
--- !u!212 &21258924
SpriteRenderer:
  m_ObjectHideFlags: 1
  m_PrefabParentObject: {fileID: 0}
  m_PrefabInternal: {fileID: 100100000}
  m_GameObject: {fileID: 158924}
  m_Enabled: 1
  m_CastShadows: 0
  m_ReceiveShadows: 0
  m_LightmapIndex: 255
  m_LightmapTilingOffset: {x: 1, y: 1, z: 0, w: 0}
  m_Materials:
  - {fileID: 10754, guid: 0000000000000000e000000000000000, type: 0}
  m_SubsetIndices: 
  m_StaticBatchRoot: {fileID: 0}
  m_UseLightProbes: 0
  m_LightProbeAnchor: {fileID: 0}
  m_ScaleInLightmap: 1
  m_SortingLayerID: 0
  m_SortingOrder: 0
  m_Sprite: {fileID: 21300000, guid: 6700a9f53bc74b246b1198fa16a14719, type: 3}
  m_Color: {r: 1, g: 1, b: 1, a: 1}
--- !u!212 &21258926
SpriteRenderer:
  m_ObjectHideFlags: 1
  m_PrefabParentObject: {fileID: 0}
  m_PrefabInternal: {fileID: 100100000}
  m_GameObject: {fileID: 158926}
  m_Enabled: 1
  m_CastShadows: 0
  m_ReceiveShadows: 0
  m_LightmapIndex: 255
  m_LightmapTilingOffset: {x: 1, y: 1, z: 0, w: 0}
  m_Materials:
  - {fileID: 10754, guid: 0000000000000000e000000000000000, type: 0}
  m_SubsetIndices: 
  m_StaticBatchRoot: {fileID: 0}
  m_UseLightProbes: 0
  m_LightProbeAnchor: {fileID: 0}
  m_ScaleInLightmap: 1
  m_SortingLayerID: 0
  m_SortingOrder: 0
  m_Sprite: {fileID: 21300000, guid: 6700a9f53bc74b246b1198fa16a14719, type: 3}
  m_Color: {r: 1, g: 1, b: 1, a: 1}
--- !u!212 &21258928
SpriteRenderer:
  m_ObjectHideFlags: 1
  m_PrefabParentObject: {fileID: 0}
  m_PrefabInternal: {fileID: 100100000}
  m_GameObject: {fileID: 158928}
  m_Enabled: 1
  m_CastShadows: 0
  m_ReceiveShadows: 0
  m_LightmapIndex: 255
  m_LightmapTilingOffset: {x: 1, y: 1, z: 0, w: 0}
  m_Materials:
  - {fileID: 10754, guid: 0000000000000000e000000000000000, type: 0}
  m_SubsetIndices: 
  m_StaticBatchRoot: {fileID: 0}
  m_UseLightProbes: 0
  m_LightProbeAnchor: {fileID: 0}
  m_ScaleInLightmap: 1
  m_SortingLayerID: 0
  m_SortingOrder: 0
  m_Sprite: {fileID: 21300000, guid: 6700a9f53bc74b246b1198fa16a14719, type: 3}
  m_Color: {r: 1, g: 1, b: 1, a: 1}
--- !u!1001 &100100000
Prefab:
  m_ObjectHideFlags: 1
  serializedVersion: 2
  m_Modification:
    m_TransformParent: {fileID: 0}
    m_Modifications: []
    m_RemovedComponents: []
  m_ParentPrefab: {fileID: 0}
  m_RootGameObject: {fileID: 158930}
  m_IsPrefabParent: 1
  m_IsExploded: 1
