%YAML 1.1
%TAG !u! tag:unity3d.com,2011:
--- !u!1 &137382
GameObject:
  m_ObjectHideFlags: 0
  m_PrefabParentObject: {fileID: 0}
  m_PrefabInternal: {fileID: 100100000}
  serializedVersion: 4
  m_Component:
  - 4: {fileID: 404580}
  - 212: {fileID: 21211574}
  - 50: {fileID: 5095542}
  - 114: {fileID: 11407492}
  - 60: {fileID: 6029108}
  - 114: {fileID: 11437792}
  m_Layer: 0
  m_Name: Island-03
  m_TagString: Obstacle
  m_Icon: {fileID: 0}
  m_NavMeshLayer: 0
  m_StaticEditorFlags: 0
  m_IsActive: 1
--- !u!1 &155966
GameObject:
  m_ObjectHideFlags: 0
  m_PrefabParentObject: {fileID: 0}
  m_PrefabInternal: {fileID: 100100000}
  serializedVersion: 4
  m_Component:
  - 4: {fileID: 473542}
  m_Layer: 0
  m_Name: IslandWithTree
  m_TagString: Untagged
  m_Icon: {fileID: 0}
  m_NavMeshLayer: 0
  m_StaticEditorFlags: 0
  m_IsActive: 1
--- !u!1 &188588
GameObject:
  m_ObjectHideFlags: 0
  m_PrefabParentObject: {fileID: 0}
  m_PrefabInternal: {fileID: 100100000}
  serializedVersion: 4
  m_Component:
  - 4: {fileID: 439600}
  - 212: {fileID: 21285666}
  - 50: {fileID: 5039474}
  - 114: {fileID: 11410686}
  - 114: {fileID: 11472986}
  - 60: {fileID: 6063448}
  m_Layer: 0
  m_Name: Island2+LightHouse 1
  m_TagString: Obstacle
  m_Icon: {fileID: 0}
  m_NavMeshLayer: 0
  m_StaticEditorFlags: 0
  m_IsActive: 1
--- !u!4 &404580
Transform:
  m_ObjectHideFlags: 1
  m_PrefabParentObject: {fileID: 0}
  m_PrefabInternal: {fileID: 100100000}
  m_GameObject: {fileID: 137382}
  m_LocalRotation: {x: 0, y: 0, z: 0, w: 1}
  m_LocalPosition: {x: -1.75999999, y: 3.75999999, z: 0}
  m_LocalScale: {x: 1, y: 1, z: 1}
  m_Children: []
  m_Father: {fileID: 473542}
  m_RootOrder: 0
--- !u!4 &439600
Transform:
  m_ObjectHideFlags: 1
  m_PrefabParentObject: {fileID: 0}
  m_PrefabInternal: {fileID: 100100000}
  m_GameObject: {fileID: 188588}
  m_LocalRotation: {x: 0, y: 0, z: 0, w: 1}
  m_LocalPosition: {x: .769999981, y: -2.51000023, z: 0}
  m_LocalScale: {x: 1, y: 1, z: 1}
  m_Children: []
  m_Father: {fileID: 473542}
  m_RootOrder: 1
--- !u!4 &473542
Transform:
  m_ObjectHideFlags: 1
  m_PrefabParentObject: {fileID: 0}
  m_PrefabInternal: {fileID: 100100000}
  m_GameObject: {fileID: 155966}
  m_LocalRotation: {x: 0, y: 0, z: 0, w: 1}
  m_LocalPosition: {x: 0, y: 0, z: 0}
  m_LocalScale: {x: 1, y: 1, z: 1}
  m_Children:
  - {fileID: 404580}
  - {fileID: 439600}
  m_Father: {fileID: 0}
  m_RootOrder: 0
--- !u!50 &5039474
Rigidbody2D:
  m_ObjectHideFlags: 1
  m_PrefabParentObject: {fileID: 0}
  m_PrefabInternal: {fileID: 100100000}
  m_GameObject: {fileID: 188588}
  m_Mass: 1
  m_LinearDrag: 0
  m_AngularDrag: .0500000007
  m_GravityScale: 1
  m_FixedAngle: 0
  m_IsKinematic: 1
  m_Interpolate: 0
  m_SleepingMode: 1
  m_CollisionDetection: 0
--- !u!50 &5095542
Rigidbody2D:
  m_ObjectHideFlags: 1
  m_PrefabParentObject: {fileID: 0}
  m_PrefabInternal: {fileID: 100100000}
  m_GameObject: {fileID: 137382}
  m_Mass: 1
  m_LinearDrag: 0
  m_AngularDrag: .0500000007
  m_GravityScale: 1
  m_FixedAngle: 0
  m_IsKinematic: 1
  m_Interpolate: 0
  m_SleepingMode: 1
  m_CollisionDetection: 0
--- !u!60 &6029108
PolygonCollider2D:
  m_ObjectHideFlags: 1
  m_PrefabParentObject: {fileID: 0}
  m_PrefabInternal: {fileID: 100100000}
  m_GameObject: {fileID: 137382}
  m_Enabled: 1
  m_Material: {fileID: 0}
  m_IsTrigger: 1
  m_UsedByEffector: 0
  m_Offset: {x: 0, y: 0}
  m_Points:
    m_Paths:
    - - {x: 1.94635344, y: -3.50206923}
      - {x: .563235521, y: -.202733278}
      - {x: 3.01559401, y: .139420986}
      - {x: 2.86999989, y: 1.06500006}
      - {x: 2.46000004, y: 1.22500002}
      - {x: 2.03999996, y: 1.15499997}
      - {x: 1.75999999, y: 1.10500002}
      - {x: 1.62, y: 1.06500006}
      - {x: 1.42999995, y: .985000014}
      - {x: 1.36000001, y: .935000002}
      - {x: .850000024, y: .564999998}
      - {x: .550000012, y: .435000002}
      - {x: .409999996, y: .764999986}
      - {x: .319999993, y: .875}
      - {x: .300000012, y: 1.16499996}
      - {x: .280000001, y: 1.47500002}
      - {x: .25999999, y: 1.54499996}
      - {x: .119999997, y: 2.06500006}
      - {x: .159999996, y: 2.14499998}
      - {x: .400000006, y: 2.71499991}
      - {x: .460000008, y: 2.82500005}
      - {x: .439999998, y: 2.88499999}
      - {x: .319999993, y: 2.88499999}
      - {x: .219999999, y: 2.93499994}
      - {x: -.0399999991, y: 3.63499999}
      - {x: -.0700000003, y: 3.65499997}
      - {x: -.129999995, y: 3.64499998}
      - {x: -.200000003, y: 3.61500001}
      - {x: -.170000002, y: 3.5250001}
      - {x: -.140000001, y: 3.41499996}
      - {x: -.119999997, y: 3.2349999}
      - {x: -.0700000003, y: 3.03500009}
      - {x: .0299999993, y: 2.875}
      - {x: .100000001, y: 2.80500007}
      - {x: .159999996, y: 2.7249999}
      - {x: .119999997, y: 2.53500009}
      - {x: .0799999982, y: 2.44499993}
      - {x: .0199999996, y: 2.30500007}
      - {x: -.25999999, y: 2.49499989}
      - {x: -.5, y: 2.65499997}
      - {x: -.620000005, y: 2.70499992}
      - {x: -.829999983, y: 2.69499993}
      - {x: -.850000024, y: 2.64499998}
      - {x: -.819999993, y: 2.625}
      - {x: -.620000005, y: 2.5250001}
      - {x: -.449999988, y: 2.45499992}
      - {x: -.300000012, y: 2.375}
      - {x: -.230000004, y: 2.32500005}
      - {x: -.219999999, y: 2.17499995}
      - {x: -.119999997, y: 2.07500005}
      - {x: -.0799999982, y: 1.89499998}
      - {x: -.0599999987, y: 1.73500001}
      - {x: -.0299999993, y: 1.505}
      - {x: -.0199999996, y: 1.42499995}
      - {x: -.119999997, y: 1.53499997}
      - {x: -.270000011, y: 1.69500005}
      - {x: -.810000002, y: 2.2349999}
      - {x: -.899999976, y: 2.31500006}
      - {x: -1.01999998, y: 2.41499996}
      - {x: -1.13, y: 2.4749999}
      - {x: -1.35000002, y: 2.53500009}
      - {x: -1.50999999, y: 2.58500004}
      - {x: -1.63, y: 2.71499991}
      - {x: -1.78999996, y: 2.875}
      - {x: -1.84000003, y: 2.875}
      - {x: -1.77999997, y: 2.7249999}
      - {x: -2.04999995, y: 2.7750001}
      - {x: -2.1400001, y: 2.80500007}
      - {x: -2.3599999, y: 2.89499998}
      - {x: -2.68000007, y: 3.2249999}
      - {x: -2.76999998, y: 3.2750001}
      - {x: -2.88000011, y: 3.29500008}
      - {x: -3.1099999, y: 3.28500009}
      - {x: -3.13000011, y: 3.2650001}
      - {x: -3.13000011, y: 3.2349999}
      - {x: -2.97000003, y: 3.15499997}
      - {x: -2.95000005, y: 3.16499996}
      - {x: -2.77999997, y: 3.06500006}
      - {x: -2.70000005, y: 3.0250001}
      - {x: -2.57999992, y: 2.85500002}
      - {x: -2.48000002, y: 2.75500011}
      - {x: -2.41000009, y: 2.7249999}
      - {x: -2.32999992, y: 2.7249999}
      - {x: -2.19000006, y: 2.67499995}
      - {x: -1.97000003, y: 2.61500001}
      - {x: -2.02999997, y: 2.55500007}
      - {x: -1.94000006, y: 2.4749999}
      - {x: -1.75, y: 2.41499996}
      - {x: -1.61000001, y: 2.35500002}
      - {x: -1.49000001, y: 2.31500006}
      - {x: -1.45000005, y: 2.30500007}
      - {x: -1.22000003, y: 2.29500008}
      - {x: -1.03999996, y: 2.19499993}
      - {x: -.870000005, y: 2.0150001}
      - {x: -.50999999, y: 1.57500005}
      - {x: -.0700000003, y: 1.005}
      - {x: 0, y: .925000012}
      - {x: 0, y: .455000013}
      - {x: -.170000002, y: .584999979}
      - {x: -.270000011, y: .685000002}
      - {x: -.430000007, y: .805000007}
      - {x: -.670000017, y: .954999983}
      - {x: -.800000012, y: 1.125}
      - {x: -.819999993, y: 1.22500002}
      - {x: -.850000024, y: 1.245}
      - {x: -.910000026, y: 1.245}
      - {x: -.970000029, y: 1.21500003}
      - {x: -1.04999995, y: 1.05499995}
      - {x: -1.04999995, y: 1.14499998}
      - {x: -1.07000005, y: 1.30499995}
      - {x: -1.09000003, y: 1.32500005}
      - {x: -1.14999998, y: 1.30499995}
      - {x: -1.25, y: .915000021}
      - {x: -1.25999999, y: .795000017}
      - {x: -1.24000001, y: .504999995}
      - {x: -1.20000005, y: .414999992}
      - {x: -1.01999998, y: .254999995}
      - {x: -.910000026, y: .194999993}
      - {x: -.839999974, y: .155000001}
      - {x: -.709999979, y: .0450000018}
      - {x: -.589999974, y: -.155000001}
      - {x: -.479999989, y: -.324999988}
      - {x: -.439999998, y: -.375}
      - {x: -.370000005, y: -.495000005}
      - {x: -.087220192, y: -1.69529748}
      - {x: -.460000008, y: -2.45499992}
      - {x: -1.33000004, y: -3.10500002}
      - {x: -1.46000004, y: -3.21499991}
      - {x: -1.45000005, y: -3.24499989}
      - {x: -1.21000004, y: -3.28500009}
    - - {x: .219999999, y: 3.46499991}
      - {x: .170000002, y: 3.45499992}
      - {x: .170000002, y: 3.09500003}
      - {x: .239999995, y: 3.07500005}
      - {x: .409999996, y: 3.07500005}
      - {x: .430000007, y: 3.09500003}
      - {x: .430000007, y: 3.43499994}
      - {x: .400000006, y: 3.46499991}
    - - {x: .49000001, y: 3.30500007}
      - {x: .460000008, y: 3.25500011}
      - {x: .460000008, y: 3.14499998}
      - {x: .50999999, y: 3.09500003}
      - {x: .610000014, y: 3.09500003}
      - {x: .670000017, y: 3.125}
      - {x: .670000017, y: 3.2650001}
      - {x: .629999995, y: 3.30500007}
--- !u!60 &6063448
PolygonCollider2D:
  m_ObjectHideFlags: 1
  m_PrefabParentObject: {fileID: 0}
  m_PrefabInternal: {fileID: 100100000}
  m_GameObject: {fileID: 188588}
  m_Enabled: 1
  m_Material: {fileID: 0}
  m_IsTrigger: 1
  m_UsedByEffector: 0
  m_Offset: {x: -5.03999996, y: 3.17000008}
  m_Points:
    m_Paths:
    - - {x: .216706276, y: -1.33191395}
      - {x: 1.13961124, y: -1.71505976}
      - {x: 1.02140856, y: -4.24519634}
      - {x: 2.11298752, y: -1.82415438}
      - {x: 2.87360001, y: -3.49740839}
      - {x: 2.98527861, y: -4.6866889}
      - {x: 3.48598623, y: -5.48673964}
      - {x: 3.94133234, y: -2.11232328}
      - {x: 5.52898645, y: -1.10110569}
      - {x: 6.10604525, y: -1.77659035}
      - {x: 6.31168699, y: -3.3015027}
      - {x: 6.29275465, y: -6.3186698}
      - {x: 6.81588507, y: -3.59541655}
      - {x: 7.46219969, y: -2.26159859}
      - {x: 9.92526245, y: -.915911674}
      - {x: 9.64512062, y: -.0648436546}
      - {x: 6.8466363, y: -.235868931}
      - {x: 5.35416174, y: -.25197506}
      - {x: 4.47920656, y: -.876623631}
      - {x: 1.98433733, y: -.344577789}
      - {x: .223371506, y: -.119999886}
      - {x: .160029888, y: -.18334341}
--- !u!114 &11407492
MonoBehaviour:
  m_ObjectHideFlags: 1
  m_PrefabParentObject: {fileID: 0}
  m_PrefabInternal: {fileID: 100100000}
  m_GameObject: {fileID: 137382}
  m_Enabled: 1
  m_EditorHideFlags: 0
  m_Script: {fileID: 11500000, guid: 3ea4424ceeef8d847a630139a68d6354, type: 3}
  m_Name: 
  m_EditorClassIdentifier: 
  ps: {fileID: 171146, guid: b07a9797f3856a9488e358e3ee81d21b, type: 2}
--- !u!114 &11410686
MonoBehaviour:
  m_ObjectHideFlags: 1
  m_PrefabParentObject: {fileID: 0}
  m_PrefabInternal: {fileID: 100100000}
  m_GameObject: {fileID: 188588}
  m_Enabled: 1
  m_EditorHideFlags: 0
  m_Script: {fileID: 11500000, guid: dcc43cbcafe35bd429a068f46878fe19, type: 3}
  m_Name: 
  m_EditorClassIdentifier: 
  particleEffect: {fileID: 100000, guid: 4efd87400d6219b4f8cb249382ff7d5a, type: 2}
  numOfTinyBombs: 5
  exp: {fileID: 171146, guid: b07a9797f3856a9488e358e3ee81d21b, type: 2}
--- !u!114 &11437792
MonoBehaviour:
  m_ObjectHideFlags: 1
  m_PrefabParentObject: {fileID: 0}
  m_PrefabInternal: {fileID: 100100000}
  m_GameObject: {fileID: 137382}
  m_Enabled: 1
  m_EditorHideFlags: 0
  m_Script: {fileID: 11500000, guid: cd409009d3945b8408cce1658ecf16e7, type: 3}
  m_Name: 
  m_EditorClassIdentifier: 
  speed: .200000003
--- !u!114 &11472986
MonoBehaviour:
  m_ObjectHideFlags: 1
  m_PrefabParentObject: {fileID: 0}
  m_PrefabInternal: {fileID: 100100000}
  m_GameObject: {fileID: 188588}
  m_Enabled: 1
  m_EditorHideFlags: 0
  m_Script: {fileID: 11500000, guid: cd409009d3945b8408cce1658ecf16e7, type: 3}
  m_Name: 
  m_EditorClassIdentifier: 
  speed: .200000003
--- !u!212 &21211574
SpriteRenderer:
  m_ObjectHideFlags: 1
  m_PrefabParentObject: {fileID: 0}
  m_PrefabInternal: {fileID: 100100000}
  m_GameObject: {fileID: 137382}
  m_Enabled: 1
  m_CastShadows: 0
  m_ReceiveShadows: 0
  m_Materials:
  - {fileID: 10754, guid: 0000000000000000e000000000000000, type: 0}
  m_SubsetIndices: 
  m_StaticBatchRoot: {fileID: 0}
  m_UseLightProbes: 1
  m_ReflectionProbeUsage: 1
  m_ProbeAnchor: {fileID: 0}
  m_ScaleInLightmap: 1
  m_PreserveUVs: 0
  m_ImportantGI: 0
  m_AutoUVMaxDistance: .5
  m_AutoUVMaxAngle: 89
  m_LightmapParameters: {fileID: 0}
  m_SortingLayerID: 0
  m_SortingOrder: 0
  m_Sprite: {fileID: 21300040, guid: a35875f289babc149a05b91d91c7aa3b, type: 3}
  m_Color: {r: 1, g: 1, b: 1, a: 1}
--- !u!212 &21285666
SpriteRenderer:
  m_ObjectHideFlags: 1
  m_PrefabParentObject: {fileID: 0}
  m_PrefabInternal: {fileID: 100100000}
  m_GameObject: {fileID: 188588}
  m_Enabled: 1
  m_CastShadows: 0
  m_ReceiveShadows: 0
  m_Materials:
  - {fileID: 10754, guid: 0000000000000000e000000000000000, type: 0}
  m_SubsetIndices: 
  m_StaticBatchRoot: {fileID: 0}
  m_UseLightProbes: 0
  m_ReflectionProbeUsage: 1
  m_ProbeAnchor: {fileID: 0}
  m_ScaleInLightmap: 1
  m_PreserveUVs: 0
  m_ImportantGI: 0
  m_AutoUVMaxDistance: .5
  m_AutoUVMaxAngle: 89
  m_LightmapParameters: {fileID: 0}
  m_SortingLayerID: 0
  m_SortingOrder: 0
  m_Sprite: {fileID: 21300000, guid: a35875f289babc149a05b91d91c7aa3b, type: 3}
  m_Color: {r: 1, g: 1, b: 1, a: 1}
--- !u!1001 &100100000
Prefab:
  m_ObjectHideFlags: 1
  serializedVersion: 2
  m_Modification:
    m_TransformParent: {fileID: 0}
    m_Modifications: []
    m_RemovedComponents: []
  m_ParentPrefab: {fileID: 0}
  m_RootGameObject: {fileID: 155966}
  m_IsPrefabParent: 1
